|j|☆illegalamigo1
|j|☆Johnny_Kimura
|t:|1641730085
|gametype|singles
|player|p1|illegalamigo1|swimmer-gen4|1180
|player|p2|Johnny_Kimura|102|1181
|teamsize|p1|6
|teamsize|p2|6
|gen|8
|tier|[Gen 8] OU
|rated|
|rule|Sleep Clause Mod: Limit one foe put to sleep
|rule|Species Clause: Limit one of each Pokémon
|rule|OHKO Clause: OHKO moves are banned
|rule|Evasion Moves Clause: Evasion moves are banned
|rule|Endless Battle Clause: Forcing endless battles is banned
|rule|HP Percentage Mod: HP is shown in percentages
|rule|Dynamax Clause: You cannot dynamax
|clearpoke
|poke|p1|Ninetales, M|
|poke|p1|Diggersby, F|
|poke|p1|Venusaur, F|
|poke|p1|Slowbro-Galar, F|
|poke|p1|Zapdos|
|poke|p1|Mienshao, M|
|poke|p2|Salamence, M|
|poke|p2|Metagross|
|poke|p2|Dragonite, F|
|poke|p2|Tyranitar, M|
|poke|p2|Garchomp, M|
|poke|p2|Landorus-Therian, M|
|teampreview
|
|t:|1641730097
|start
|switch|p1a: Diggersby|Diggersby, F|100/100
|switch|p2a: Landorus|Landorus-Therian, M|100/100
|-ability|p2a: Landorus|Intimidate|boost
|-unboost|p1a: Diggersby|atk|1
|turn|1
|
|t:|1641730105
|move|p2a: Landorus|Stealth Rock|p1a: Diggersby
|-sidestart|p1: illegalamigo1|move: Stealth Rock
|move|p1a: Diggersby|Ice Punch|p2a: Landorus
|-supereffective|p2a: Landorus
|-damage|p2a: Landorus|0 fnt
|faint|p2a: Landorus
|-damage|p1a: Diggersby|91/100|[from] item: Life Orb
|
|upkeep
|
|t:|1641730134
|switch|p2a: Tyranitar|Tyranitar, M|100/100
|-weather|Sandstorm|[from] ability: Sand Stream|[of] p2a: Tyranitar
|turn|2
|
|t:|1641730144
|move|p1a: Diggersby|Earthquake|p2a: Tyranitar
|-supereffective|p2a: Tyranitar
|-crit|p2a: Tyranitar
|-damage|p2a: Tyranitar|0 fnt
|faint|p2a: Tyranitar
|-damage|p1a: Diggersby|81/100|[from] item: Life Orb
|
|-weather|Sandstorm|[upkeep]
|upkeep
|
|t:|1641730155
|switch|p2a: Metagross|Metagross|100/100
|turn|3
|
|t:|1641730177
|move|p1a: Diggersby|Earthquake|p2a: Metagross
|-supereffective|p2a: Metagross
|-damage|p2a: Metagross|0 fnt
|faint|p2a: Metagross
|-damage|p1a: Diggersby|71/100|[from] item: Life Orb
|
|-weather|Sandstorm|[upkeep]
|upkeep
|
|t:|1641730188
|switch|p2a: Garchomp|Garchomp, M|100/100
|turn|4
|
|t:|1641730194
|move|p2a: Garchomp|Swords Dance|p2a: Garchomp
|-boost|p2a: Garchomp|atk|2
|move|p1a: Diggersby|Ice Punch|p2a: Garchomp
|-supereffective|p2a: Garchomp
|-damage|p2a: Garchomp|0 fnt
|-damage|p1a: Diggersby|58/100|[from] ability: Rough Skin|[of] p2a: Garchomp
|faint|p2a: Garchomp
|-damage|p1a: Diggersby|48/100|[from] item: Life Orb
|
|-weather|Sandstorm|[upkeep]
|upkeep
|-message|Johnny_Kimura forfeited.
|
|win|illegalamigo1
|raw|illegalamigo1's rating: 1180 &rarr; <strong>1205</strong><br />(+25 for winning)
|raw|Johnny_Kimura's rating: 1181 &rarr; <strong>1156</strong><br />(-25 for losing)
|l|☆Johnny_Kimura
