|j|☆Rainbow Ghirahim
|j|☆nich6las
|t:|1641869006
|gametype|singles
|player|p1|Rainbow Ghirahim|richboy-gen4|1150
|player|p2|nich6las|102|1206
|teamsize|p1|6
|teamsize|p2|6
|gen|8
|tier|[Gen 8] OU
|rated|
|rule|Sleep Clause Mod: Limit one foe put to sleep
|rule|Species Clause: Limit one of each Pokémon
|rule|OHKO Clause: OHKO moves are banned
|rule|Evasion Moves Clause: Evasion moves are banned
|rule|Endless Battle Clause: Forcing endless battles is banned
|rule|HP Percentage Mod: HP is shown in percentages
|rule|Dynamax Clause: You cannot dynamax
|clearpoke
|poke|p1|Sigilyph, M|
|poke|p1|Eiscue, F|
|poke|p1|Ferrothorn, M|
|poke|p1|Toxapex, M|
|poke|p1|Landorus-Therian, M|
|poke|p1|Zoroark, M|
|poke|p2|Heatran, F|
|poke|p2|Slowking-Galar, F|
|poke|p2|Alakazam, F|
|poke|p2|Bisharp, M|
|poke|p2|Mew|
|poke|p2|Landorus-Therian, M|
|teampreview
|
|t:|1641869027
|start
|switch|p1a: Landorus|Landorus-Therian, M|100/100
|switch|p2a: Landorus|Landorus-Therian, M|100/100
|-ability|p1a: Landorus|Intimidate|boost
|-unboost|p2a: Landorus|atk|1
|-ability|p2a: Landorus|Intimidate|boost
|-unboost|p1a: Landorus|atk|1
|turn|1
|
|t:|1641869050
|move|p1a: Landorus|Stealth Rock|p2a: Landorus
|-sidestart|p2: nich6las|move: Stealth Rock
|move|p2a: Landorus|Earthquake|p1a: Landorus
|-immune|p1a: Landorus
|
|upkeep
|turn|2
|
|t:|1641869057
|move|p1a: Landorus|Swords Dance|p1a: Landorus
|-boost|p1a: Landorus|atk|2
|move|p2a: Landorus|Stealth Rock|p1a: Landorus
|-sidestart|p1: Rainbow Ghirahim|move: Stealth Rock
|
|upkeep
|turn|3
|
|t:|1641869073
|move|p1a: Landorus|Swords Dance|p1a: Landorus
|-boost|p1a: Landorus|atk|2
|move|p2a: Landorus|U-turn|p1a: Landorus
|-resisted|p1a: Landorus
|-damage|p1a: Landorus|91/100
|
|t:|1641869083
|switch|p2a: Alakazam|Alakazam, F|100/100|[from]move: U-turn
|
|upkeep
|turn|4
|
|t:|1641869095
|move|p2a: Alakazam|Focus Blast|p1a: Landorus|[miss]
|-miss|p2a: Alakazam|p1a: Landorus
|move|p1a: Landorus|Earthquake|p2a: Alakazam
|-damage|p2a: Alakazam|0 fnt
|faint|p2a: Alakazam
|
|upkeep
|
|t:|1641869104
|switch|p2a: Mew|Mew|100/100
|-damage|p2a: Mew|88/100|[from] Stealth Rock
|turn|5
|-message|nich6las forfeited.
|
|win|Rainbow Ghirahim
|raw|Rainbow Ghirahim's rating: 1150 &rarr; <strong>1179</strong><br />(+29 for winning)
|raw|nich6las's rating: 1206 &rarr; <strong>1177</strong><br />(-29 for losing)
|l|☆nich6las
