|j|☆im tofa
|j|☆LECH24
|t:|1641763523
|gametype|singles
|player|p1|im tofa|ethan-gen2c|1581
|player|p2|LECH24|266|1643
|teamsize|p1|6
|teamsize|p2|6
|gen|8
|tier|[Gen 8] OU
|rated|
|rule|Sleep Clause Mod: Limit one foe put to sleep
|rule|Species Clause: Limit one of each Pokémon
|rule|OHKO Clause: OHKO moves are banned
|rule|Evasion Moves Clause: Evasion moves are banned
|rule|Endless Battle Clause: Forcing endless battles is banned
|rule|HP Percentage Mod: HP is shown in percentages
|rule|Dynamax Clause: You cannot dynamax
|clearpoke
|poke|p1|Swampert, F|
|poke|p1|Rillaboom, M|
|poke|p1|Magnezone|
|poke|p1|Tyranitar, M|
|poke|p1|Tornadus-Therian, M|
|poke|p1|Aegislash, M|
|poke|p2|Zeraora|
|poke|p2|Corviknight, M|
|poke|p2|Heatran, F|
|poke|p2|Rillaboom, M|
|poke|p2|Tapu Lele|
|poke|p2|Toxapex, F|
|teampreview
|inactive|Battle timer is ON: inactive players will automatically lose when time's up. (requested by im tofa)
|inactive|LECH24 has 120 seconds left.
|
|t:|1641763556
|start
|switch|p1a: Team Player|Swampert, F|100/100
|switch|p2a: Rillaboom|Rillaboom, M|100/100
|-fieldstart|move: Grassy Terrain|[from] ability: Grassy Surge|[of] p2a: Rillaboom
|turn|1
|
|t:|1641763561
|move|p1a: Team Player|Protect|p1a: Team Player
|-singleturn|p1a: Team Player|Protect
|move|p2a: Rillaboom|Knock Off|p1a: Team Player
|-activate|p1a: Team Player|move: Protect
|
|upkeep
|turn|2
|j| Zombini62
|inactive|im tofa has 120 seconds left.
|
|t:|1641763594
|move|p2a: Rillaboom|Knock Off|p1a: Team Player
|-damage|p1a: Team Player|54/100
|-enditem|p1a: Team Player|Leftovers|[from] move: Knock Off|[of] p2a: Rillaboom
|move|p1a: Team Player|Stealth Rock|p2a: Rillaboom
|-sidestart|p2: LECH24|move: Stealth Rock
|
|-heal|p1a: Team Player|60/100|[from] Grassy Terrain
|upkeep
|turn|3
|inactive|im tofa has 120 seconds left.
|
|t:|1641763618
|switch|p2a: Toxapex|Toxapex, F|100/100
|-damage|p2a: Toxapex|88/100|[from] Stealth Rock
|switch|p1a: Tyranitar|Tyranitar, M|100/100
|-weather|Sandstorm|[from] ability: Sand Stream|[of] p1a: Tyranitar
|
|-weather|Sandstorm|[upkeep]
|-damage|p2a: Toxapex|82/100|[from] Sandstorm
|-heal|p2a: Toxapex|88/100|[from] Grassy Terrain
|upkeep
|turn|4
|
|t:|1641763629
|move|p1a: Tyranitar|Thunderbolt|p2a: Toxapex
|-supereffective|p2a: Toxapex
|-damage|p2a: Toxapex|54/100
|move|p2a: Toxapex|Toxic|p1a: Tyranitar
|-status|p1a: Tyranitar|tox
|
|-weather|Sandstorm|[upkeep]
|-damage|p2a: Toxapex|48/100|[from] Sandstorm
|-heal|p2a: Toxapex|54/100|[from] Grassy Terrain
|-damage|p1a: Tyranitar|94/100 tox|[from] psn
|upkeep
|turn|5
|
|t:|1641763638
|switch|p1a: Aegislash|Aegislash, M|100/100
|move|p2a: Toxapex|Recover|p2a: Toxapex
|-heal|p2a: Toxapex|100/100
|
|-weather|Sandstorm|[upkeep]
|-damage|p2a: Toxapex|94/100|[from] Sandstorm
|-heal|p2a: Toxapex|100/100|[from] Grassy Terrain
|-fieldend|move: Grassy Terrain
|upkeep
|turn|6
|inactive|im tofa has 120 seconds left.
|
|t:|1641763649
|move|p1a: Aegislash|King's Shield|p1a: Aegislash
|-singleturn|p1a: Aegislash|Protect
|move|p2a: Toxapex|Scald|p1a: Aegislash
|-activate|p1a: Aegislash|move: Protect
|
|-weather|Sandstorm|[upkeep]
|-damage|p2a: Toxapex|94/100|[from] Sandstorm
|upkeep
|turn|7
|
|t:|1641763654
|move|p1a: Aegislash|Substitute|p1a: Aegislash
|-start|p1a: Aegislash|Substitute
|-damage|p1a: Aegislash|75/100
|move|p2a: Toxapex|Scald|p1a: Aegislash
|-activate|p1a: Aegislash|move: Substitute|[damage]
|
|-weather|none
|-heal|p1a: Aegislash|82/100|[from] item: Leftovers
|upkeep
|turn|8
|
|t:|1641763666
|-formechange|p1a: Aegislash|Aegislash-Blade||[from] ability: Stance Change
|move|p1a: Aegislash|Shadow Ball|p2a: Toxapex
|-damage|p2a: Toxapex|71/100
|move|p2a: Toxapex|Scald|p1a: Aegislash
|-end|p1a: Aegislash|Substitute
|
|-heal|p1a: Aegislash|88/100|[from] item: Leftovers
|upkeep
|turn|9
|
|t:|1641763679
|-formechange|p1a: Aegislash|Aegislash||[from] ability: Stance Change
|move|p1a: Aegislash|King's Shield|p1a: Aegislash
|-singleturn|p1a: Aegislash|Protect
|move|p2a: Toxapex|Scald|p1a: Aegislash
|-activate|p1a: Aegislash|move: Protect
|
|-heal|p1a: Aegislash|94/100|[from] item: Leftovers
|upkeep
|turn|10
|
|t:|1641763690
|move|p1a: Aegislash|Substitute|p1a: Aegislash
|-start|p1a: Aegislash|Substitute
|-damage|p1a: Aegislash|69/100
|move|p2a: Toxapex|Scald|p1a: Aegislash
|-activate|p1a: Aegislash|move: Substitute|[damage]
|
|-heal|p1a: Aegislash|75/100|[from] item: Leftovers
|upkeep
|turn|11
|
|t:|1641763700
|-formechange|p1a: Aegislash|Aegislash-Blade||[from] ability: Stance Change
|move|p1a: Aegislash|Shadow Ball|p2a: Toxapex
|-damage|p2a: Toxapex|47/100
|move|p2a: Toxapex|Scald|p1a: Aegislash
|-end|p1a: Aegislash|Substitute
|
|-heal|p1a: Aegislash|81/100|[from] item: Leftovers
|upkeep
|turn|12
|
|t:|1641763716
|switch|p1a: Rillaboom|Rillaboom, M|100/100
|-fieldstart|move: Grassy Terrain|[from] ability: Grassy Surge|[of] p1a: Rillaboom
|switch|p2a: Heatran|Heatran, F|100/100
|-damage|p2a: Heatran|88/100|[from] Stealth Rock
|
|-heal|p2a: Heatran|94/100|[from] Grassy Terrain
|-heal|p2a: Heatran|100/100|[from] item: Leftovers
|upkeep
|turn|13
|
|t:|1641763723
|switch|p1a: Team Player|Swampert, F|60/100
|switch|p2a: Toxapex|Toxapex, F|80/100
|-damage|p2a: Toxapex|67/100|[from] Stealth Rock
|
|-heal|p1a: Team Player|67/100|[from] Grassy Terrain
|-heal|p2a: Toxapex|74/100|[from] Grassy Terrain
|upkeep
|turn|14
|
|t:|1641763733
|move|p1a: Team Player|High Horsepower|p2a: Toxapex
|-supereffective|p2a: Toxapex
|-damage|p2a: Toxapex|22/100
|-damage|p1a: Team Player|50/100|[from] item: Rocky Helmet|[of] p2a: Toxapex
|move|p2a: Toxapex|Scald|p1a: Team Player
|-damage|p1a: Team Player|38/100
|
|-heal|p1a: Team Player|44/100|[from] Grassy Terrain
|-heal|p2a: Toxapex|28/100|[from] Grassy Terrain
|upkeep
|turn|15
|
|t:|1641763742
|switch|p2a: Rillaboom|Rillaboom, M|100/100
|-damage|p2a: Rillaboom|88/100|[from] Stealth Rock
|move|p1a: Team Player|High Horsepower|p2a: Rillaboom
|-resisted|p2a: Rillaboom
|-damage|p2a: Rillaboom|68/100
|
|-heal|p2a: Rillaboom|74/100|[from] Grassy Terrain
|-heal|p1a: Team Player|50/100|[from] Grassy Terrain
|upkeep
|turn|16
|
|t:|1641763748
|switch|p2a: Tapu Lele|Tapu Lele|100/100
|-damage|p2a: Tapu Lele|88/100|[from] Stealth Rock
|-fieldstart|move: Psychic Terrain|[from] ability: Psychic Surge|[of] p2a: Tapu Lele
|move|p1a: Team Player|Protect||[still]
|-fail|p1a: Team Player
|
|upkeep
|turn|17
|
|t:|1641763753
|move|p1a: Team Player|Protect|p1a: Team Player
|-singleturn|p1a: Team Player|Protect
|move|p2a: Tapu Lele|Moonblast|p1a: Team Player
|-activate|p1a: Team Player|move: Protect
|
|upkeep
|turn|18
|
|t:|1641763759
|switch|p1a: Aegislash|Aegislash, M|81/100
|move|p2a: Tapu Lele|Moonblast|p1a: Aegislash
|-resisted|p1a: Aegislash
|-damage|p1a: Aegislash|67/100
|
|-heal|p1a: Aegislash|74/100|[from] item: Leftovers
|upkeep
|turn|19
|
|t:|1641763765
|switch|p2a: Heatran|Heatran, F|100/100
|-damage|p2a: Heatran|88/100|[from] Stealth Rock
|-formechange|p1a: Aegislash|Aegislash-Blade||[from] ability: Stance Change
|move|p1a: Aegislash|Shadow Ball|p2a: Heatran
|-damage|p2a: Heatran|56/100
|-unboost|p2a: Heatran|spd|1
|
|-heal|p2a: Heatran|62/100|[from] item: Leftovers
|-heal|p1a: Aegislash|80/100|[from] item: Leftovers
|upkeep
|turn|20
|
|t:|1641763775
|switch|p1a: Tyranitar|Tyranitar, M|94/100 tox
|-weather|Sandstorm|[from] ability: Sand Stream|[of] p1a: Tyranitar
|move|p2a: Heatran|Stealth Rock|p1a: Tyranitar
|-sidestart|p1: im tofa|move: Stealth Rock
|
|-weather|Sandstorm|[upkeep]
|-heal|p2a: Heatran|69/100|[from] item: Leftovers
|-damage|p1a: Tyranitar|88/100 tox|[from] psn
|-fieldend|move: Psychic Terrain
|upkeep
|turn|21
|
|t:|1641763789
|switch|p2a: Toxapex|Toxapex, F|62/100
|-damage|p2a: Toxapex|49/100|[from] Stealth Rock
|move|p1a: Tyranitar|Ice Beam|p2a: Toxapex
|-resisted|p2a: Toxapex
|-damage|p2a: Toxapex|41/100
|
|-weather|Sandstorm|[upkeep]
|-damage|p2a: Toxapex|34/100|[from] Sandstorm
|-damage|p1a: Tyranitar|76/100 tox|[from] psn
|upkeep
|turn|22
|
|t:|1641763798
|switch|p2a: Rillaboom|Rillaboom, M|74/100
|-damage|p2a: Rillaboom|62/100|[from] Stealth Rock
|-fieldstart|move: Grassy Terrain|[from] ability: Grassy Surge|[of] p2a: Rillaboom
|move|p1a: Tyranitar|Earthquake|p2a: Rillaboom
|-resisted|p2a: Rillaboom
|-damage|p2a: Rillaboom|55/100
|
|-weather|Sandstorm|[upkeep]
|-damage|p2a: Rillaboom|49/100|[from] Sandstorm
|-heal|p2a: Rillaboom|55/100|[from] Grassy Terrain
|-heal|p1a: Tyranitar|82/100 tox|[from] Grassy Terrain
|-damage|p1a: Tyranitar|63/100 tox|[from] psn
|upkeep
|turn|23
|
|t:|1641763808
|switch|p1a: Tornadus|Tornadus-Therian, M|100/100
|move|p2a: Rillaboom|U-turn|p1a: Tornadus
|-resisted|p1a: Tornadus
|-damage|p1a: Tornadus|82/100
|
|t:|1641763811
|switch|p2a: Zeraora|Zeraora|100/100|[from]move: U-turn
|
|-weather|Sandstorm|[upkeep]
|-damage|p2a: Zeraora|95/100|[from] Sandstorm
|-damage|p1a: Tornadus|76/100|[from] Sandstorm
|-heal|p2a: Zeraora|100/100|[from] Grassy Terrain
|upkeep
|turn|24
|
|t:|1641763826
|move|p2a: Zeraora|Close Combat|p1a: Tornadus
|-resisted|p1a: Tornadus
|-damage|p1a: Tornadus|56/100
|-unboost|p2a: Zeraora|def|1
|-unboost|p2a: Zeraora|spd|1
|move|p1a: Tornadus|Knock Off|p2a: Zeraora
|-damage|p2a: Zeraora|61/100
|-enditem|p2a: Zeraora|Heavy-Duty Boots|[from] move: Knock Off|[of] p1a: Tornadus
|
|-weather|none
|-heal|p2a: Zeraora|67/100|[from] Grassy Terrain
|upkeep
|turn|25
|
|t:|1641763837
|switch|p1a: Rillaboom|Rillaboom, M|100/100
|-damage|p1a: Rillaboom|88/100|[from] Stealth Rock
|move|p2a: Zeraora|Close Combat|p1a: Rillaboom
|-damage|p1a: Rillaboom|48/100
|-unboost|p2a: Zeraora|def|1
|-unboost|p2a: Zeraora|spd|1
|
|-heal|p2a: Zeraora|73/100|[from] Grassy Terrain
|-heal|p1a: Rillaboom|54/100|[from] Grassy Terrain
|upkeep
|turn|26
|inactive|LECH24 has 120 seconds left.
|
|t:|1641763874
|switch|p2a: Rillaboom|Rillaboom, M|55/100
|-damage|p2a: Rillaboom|42/100|[from] Stealth Rock
|move|p1a: Rillaboom|Grassy Glide|p2a: Rillaboom
|-resisted|p2a: Rillaboom
|-damage|p2a: Rillaboom|0 fnt
|faint|p2a: Rillaboom
|
|-heal|p1a: Rillaboom|60/100|[from] Grassy Terrain
|-fieldend|move: Grassy Terrain
|upkeep
|
|t:|1641763879
|switch|p2a: Tapu Lele|Tapu Lele|88/100
|-damage|p2a: Tapu Lele|76/100|[from] Stealth Rock
|-fieldstart|move: Psychic Terrain|[from] ability: Psychic Surge|[of] p2a: Tapu Lele
|turn|27
|inactive|LECH24 has 120 seconds left.
|inactive|im tofa has 120 seconds left.
|
|t:|1641763919
|switch|p1a: Tornadus|Tornadus-Therian, M|89/100
|move|p2a: Tapu Lele|Psyshock|p1a: Tornadus
|-damage|p1a: Tornadus|30/100
|
|upkeep
|turn|28
|inactive|im tofa has 120 seconds left.
|inactive|LECH24 has 120 seconds left.
|
|t:|1641763928
|switch|p1a: Tyranitar|Tyranitar, M|63/100 tox
|-damage|p1a: Tyranitar|51/100 tox|[from] Stealth Rock
|-weather|Sandstorm|[from] ability: Sand Stream|[of] p1a: Tyranitar
|move|p2a: Tapu Lele|Psyshock|p1a: Tyranitar
|-immune|p1a: Tyranitar
|
|-weather|Sandstorm|[upkeep]
|-damage|p2a: Tapu Lele|70/100|[from] Sandstorm
|-damage|p1a: Tyranitar|45/100 tox|[from] psn
|upkeep
|turn|29
|inactive|im tofa has 120 seconds left.
|inactive|LECH24 has 120 seconds left.
|
|t:|1641763952
|switch|p2a: Corviknight|Corviknight, M|100/100
|-damage|p2a: Corviknight|88/100|[from] Stealth Rock
|-ability|p2a: Corviknight|Pressure
|switch|p1a: Magnezone|Magnezone|100/100
|-damage|p1a: Magnezone|94/100|[from] Stealth Rock
|
|-weather|Sandstorm|[upkeep]
|-heal|p2a: Corviknight|94/100|[from] item: Leftovers
|upkeep
|turn|30
|
|t:|1641763961
|move|p1a: Magnezone|Thunderbolt|p2a: Corviknight
|-supereffective|p2a: Corviknight
|-damage|p2a: Corviknight|8/100
|move|p2a: Corviknight|U-turn|p1a: Magnezone
|-resisted|p1a: Magnezone
|-damage|p1a: Magnezone|87/100
|
|t:|1641763966
|switch|p2a: Zeraora|Zeraora|73/100|[from]move: U-turn
|-damage|p2a: Zeraora|60/100|[from] Stealth Rock
|
|-weather|Sandstorm|[upkeep]
|-damage|p2a: Zeraora|54/100|[from] Sandstorm
|upkeep
|turn|31
|inactive|im tofa has 120 seconds left.
|inactive|im tofa has 90 seconds left.
|
|t:|1641764008
|switch|p1a: Tyranitar|Tyranitar, M|45/100 tox
|-damage|p1a: Tyranitar|32/100 tox|[from] Stealth Rock
|move|p2a: Zeraora|Bulk Up|p2a: Zeraora
|-boost|p2a: Zeraora|atk|1
|-boost|p2a: Zeraora|def|1
|
|-weather|Sandstorm|[upkeep]
|-damage|p2a: Zeraora|48/100|[from] Sandstorm
|-damage|p1a: Tyranitar|26/100 tox|[from] psn
|-fieldend|move: Psychic Terrain
|upkeep
|turn|32
|
|t:|1641764014
|move|p2a: Zeraora|Plasma Fists|p1a: Tyranitar
|-damage|p1a: Tyranitar|0 fnt
|-fieldactivate|move: Ion Deluge
|-hint|Normal-type moves become Electric-type after using Plasma Fists.
|faint|p1a: Tyranitar
|
|-weather|none
|upkeep
|
|t:|1641764017
|switch|p1a: Rillaboom|Rillaboom, M|60/100
|-damage|p1a: Rillaboom|48/100|[from] Stealth Rock
|-fieldstart|move: Grassy Terrain|[from] ability: Grassy Surge|[of] p1a: Rillaboom
|turn|33
|
|t:|1641764030
|switch|p2a: Corviknight|Corviknight, M|8/100
|-damage|p2a: Corviknight|0 fnt|[from] Stealth Rock
|faint|p2a: Corviknight
|move|p1a: Rillaboom|Grassy Glide|p2: Corviknight|[notarget]
|-fail|p1a: Rillaboom
|
|-heal|p1a: Rillaboom|54/100|[from] Grassy Terrain
|upkeep
|
|t:|1641764033
|switch|p2a: Tapu Lele|Tapu Lele|70/100
|-damage|p2a: Tapu Lele|57/100|[from] Stealth Rock
|-fieldstart|move: Psychic Terrain|[from] ability: Psychic Surge|[of] p2a: Tapu Lele
|turn|34
|inactive|im tofa has 120 seconds left.
|
|t:|1641764059
|switch|p1a: Team Player|Swampert, F|50/100
|-damage|p1a: Team Player|44/100|[from] Stealth Rock
|move|p2a: Tapu Lele|Psychic|p1a: Team Player
|-damage|p1a: Team Player|5/100
|
|upkeep
|turn|35
|
|t:|1641764066
|move|p2a: Tapu Lele|Psychic|p1a: Team Player
|-damage|p1a: Team Player|0 fnt
|faint|p1a: Team Player
|
|upkeep
|
|t:|1641764073
|switch|p1a: Tornadus|Tornadus-Therian, M|63/100
|turn|36
|
|t:|1641764085
|switch|p2a: Toxapex|Toxapex, F|68/100
|-damage|p2a: Toxapex|55/100|[from] Stealth Rock
|move|p1a: Tornadus|Knock Off|p2a: Toxapex
|-damage|p2a: Toxapex|41/100
|-damage|p1a: Tornadus|47/100|[from] item: Rocky Helmet|[of] p2a: Toxapex
|-enditem|p2a: Toxapex|Rocky Helmet|[from] move: Knock Off|[of] p1a: Tornadus
|
|upkeep
|turn|37
|inactive|im tofa has 120 seconds left.
|
|t:|1641764094
|switch|p1a: Magnezone|Magnezone|87/100
|-damage|p1a: Magnezone|81/100|[from] Stealth Rock
|move|p2a: Toxapex|Recover|p2a: Toxapex
|-heal|p2a: Toxapex|91/100
|
|upkeep
|turn|38
|inactive|im tofa has 120 seconds left.
|
|t:|1641764107
|move|p1a: Magnezone|Toxic|p2a: Toxapex
|-immune|p2a: Toxapex
|move|p2a: Toxapex|Recover|p2a: Toxapex
|-heal|p2a: Toxapex|100/100
|
|-fieldend|move: Psychic Terrain
|upkeep
|turn|39
|inactive|im tofa has 120 seconds left.
|
|t:|1641764122
|switch|p1a: Aegislash|Aegislash, M|80/100
|-damage|p1a: Aegislash|74/100|[from] Stealth Rock
|move|p2a: Toxapex|Scald|p1a: Aegislash
|-damage|p1a: Aegislash|63/100
|
|-heal|p1a: Aegislash|69/100|[from] item: Leftovers
|upkeep
|turn|40
|
|t:|1641764126
|move|p1a: Aegislash|Substitute|p1a: Aegislash
|-start|p1a: Aegislash|Substitute
|-damage|p1a: Aegislash|44/100
|move|p2a: Toxapex|Scald|p1a: Aegislash
|-activate|p1a: Aegislash|move: Substitute|[damage]
|
|-heal|p1a: Aegislash|50/100|[from] item: Leftovers
|upkeep
|turn|41
|
|t:|1641764129
|move|p1a: Aegislash|King's Shield|p1a: Aegislash
|-singleturn|p1a: Aegislash|Protect
|move|p2a: Toxapex|Scald|p1a: Aegislash
|-activate|p1a: Aegislash|move: Protect
|
|-heal|p1a: Aegislash|56/100|[from] item: Leftovers
|upkeep
|turn|42
|
|t:|1641764134
|-formechange|p1a: Aegislash|Aegislash-Blade||[from] ability: Stance Change
|move|p1a: Aegislash|Shadow Ball|p2a: Toxapex
|-damage|p2a: Toxapex|77/100
|-unboost|p2a: Toxapex|spd|1
|move|p2a: Toxapex|Scald|p1a: Aegislash
|-end|p1a: Aegislash|Substitute
|
|-heal|p1a: Aegislash|62/100|[from] item: Leftovers
|upkeep
|turn|43
|
|t:|1641764142
|-formechange|p1a: Aegislash|Aegislash||[from] ability: Stance Change
|move|p1a: Aegislash|King's Shield|p1a: Aegislash
|-singleturn|p1a: Aegislash|Protect
|move|p2a: Toxapex|Haze|p2a: Toxapex
|-clearallboost
|
|-heal|p1a: Aegislash|68/100|[from] item: Leftovers
|upkeep
|turn|44
|
|t:|1641764148
|move|p1a: Aegislash|Substitute|p1a: Aegislash
|-start|p1a: Aegislash|Substitute
|-damage|p1a: Aegislash|43/100
|move|p2a: Toxapex|Scald|p1a: Aegislash
|-activate|p1a: Aegislash|move: Substitute|[damage]
|
|-heal|p1a: Aegislash|50/100|[from] item: Leftovers
|upkeep
|turn|45
|
|t:|1641764154
|-formechange|p1a: Aegislash|Aegislash-Blade||[from] ability: Stance Change
|move|p1a: Aegislash|Shadow Ball|p2a: Toxapex
|-damage|p2a: Toxapex|53/100
|move|p2a: Toxapex|Scald|p1a: Aegislash
|-end|p1a: Aegislash|Substitute
|
|-heal|p1a: Aegislash|56/100|[from] item: Leftovers
|upkeep
|turn|46
|
|t:|1641764159
|switch|p2a: Heatran|Heatran, F|69/100
|-damage|p2a: Heatran|56/100|[from] Stealth Rock
|move|p1a: Aegislash|Substitute|p1a: Aegislash
|-start|p1a: Aegislash|Substitute
|-damage|p1a: Aegislash|31/100
|
|-heal|p2a: Heatran|62/100|[from] item: Leftovers
|-heal|p1a: Aegislash|37/100|[from] item: Leftovers
|upkeep
|turn|47
|
|t:|1641764169
|move|p2a: Heatran|Earth Power|p1a: Aegislash
|-supereffective|p1a: Aegislash
|-crit|p1a: Aegislash
|-end|p1a: Aegislash|Substitute
|move|p1a: Aegislash|Shadow Ball|p2a: Heatran
|-damage|p2a: Heatran|31/100
|
|-heal|p2a: Heatran|37/100|[from] item: Leftovers
|-heal|p1a: Aegislash|43/100|[from] item: Leftovers
|upkeep
|turn|48
|
|t:|1641764174
|-formechange|p1a: Aegislash|Aegislash||[from] ability: Stance Change
|move|p1a: Aegislash|King's Shield|p1a: Aegislash
|-singleturn|p1a: Aegislash|Protect
|move|p2a: Heatran|Magma Storm|p1a: Aegislash
|-activate|p1a: Aegislash|move: Protect
|
|-heal|p2a: Heatran|43/100|[from] item: Leftovers
|-heal|p1a: Aegislash|49/100|[from] item: Leftovers
|upkeep
|turn|49
|
|t:|1641764181
|switch|p1a: Tornadus|Tornadus-Therian, M|80/100
|move|p2a: Heatran|Magma Storm|p1a: Tornadus
|-damage|p1a: Tornadus|25/100
|-activate|p1a: Tornadus|move: Magma Storm|[of] p2a: Heatran
|
|-heal|p2a: Heatran|49/100|[from] item: Leftovers
|-damage|p1a: Tornadus|13/100|[from] move: Magma Storm|[partiallytrapped]
|upkeep
|turn|50
|
|t:|1641764185
|move|p1a: Tornadus|Knock Off|p2a: Heatran
|-damage|p2a: Heatran|29/100
|-enditem|p2a: Heatran|Leftovers|[from] move: Knock Off|[of] p1a: Tornadus
|move|p2a: Heatran|Flash Cannon|p1a: Tornadus
|-damage|p1a: Tornadus|0 fnt
|faint|p1a: Tornadus
|
|upkeep
|
|t:|1641764191
|switch|p1a: Rillaboom|Rillaboom, M|54/100
|-damage|p1a: Rillaboom|42/100|[from] Stealth Rock
|-fieldstart|move: Grassy Terrain|[from] ability: Grassy Surge|[of] p1a: Rillaboom
|turn|51
|
|t:|1641764209
|switch|p2a: Toxapex|Toxapex, F|87/100
|-damage|p2a: Toxapex|74/100|[from] Stealth Rock
|move|p1a: Rillaboom|Superpower|p2a: Toxapex
|-resisted|p2a: Toxapex
|-damage|p2a: Toxapex|48/100
|-unboost|p1a: Rillaboom|atk|1
|-unboost|p1a: Rillaboom|def|1
|
|-heal|p1a: Rillaboom|48/100|[from] Grassy Terrain
|-heal|p2a: Toxapex|54/100|[from] Grassy Terrain
|upkeep
|turn|52
|inactive|im tofa has 120 seconds left.
|
|t:|1641764238
|switch|p1a: Aegislash|Aegislash, M|49/100
|-damage|p1a: Aegislash|43/100|[from] Stealth Rock
|move|p2a: Toxapex|Toxic|p1a: Aegislash
|-immune|p1a: Aegislash
|
|-heal|p1a: Aegislash|49/100|[from] Grassy Terrain
|-heal|p1a: Aegislash|55/100|[from] item: Leftovers
|-heal|p2a: Toxapex|61/100|[from] Grassy Terrain
|upkeep
|turn|53
|
|t:|1641764248
|switch|p2a: Heatran|Heatran, F|29/100
|-damage|p2a: Heatran|16/100|[from] Stealth Rock
|move|p1a: Aegislash|Substitute|p1a: Aegislash
|-start|p1a: Aegislash|Substitute
|-damage|p1a: Aegislash|30/100
|
|-heal|p2a: Heatran|22/100|[from] Grassy Terrain
|-heal|p1a: Aegislash|37/100|[from] Grassy Terrain
|-heal|p1a: Aegislash|43/100|[from] item: Leftovers
|upkeep
|turn|54
|
|t:|1641764253
|move|p2a: Heatran|Earth Power|p1a: Aegislash
|-supereffective|p1a: Aegislash
|-end|p1a: Aegislash|Substitute
|-formechange|p1a: Aegislash|Aegislash-Blade||[from] ability: Stance Change
|move|p1a: Aegislash|Shadow Ball|p2a: Heatran
|-damage|p2a: Heatran|0 fnt
|faint|p2a: Heatran
|
|-heal|p1a: Aegislash|49/100|[from] Grassy Terrain
|-heal|p1a: Aegislash|55/100|[from] item: Leftovers
|upkeep
|
|t:|1641764256
|switch|p2a: Zeraora|Zeraora|48/100
|-damage|p2a: Zeraora|36/100|[from] Stealth Rock
|turn|55
|
|t:|1641764277
|-formechange|p1a: Aegislash|Aegislash||[from] ability: Stance Change
|move|p1a: Aegislash|King's Shield|p1a: Aegislash
|-singleturn|p1a: Aegislash|Protect
|move|p2a: Zeraora|Bulk Up|p2a: Zeraora
|-boost|p2a: Zeraora|atk|1
|-boost|p2a: Zeraora|def|1
|
|-heal|p2a: Zeraora|42/100|[from] Grassy Terrain
|-heal|p1a: Aegislash|61/100|[from] Grassy Terrain
|-heal|p1a: Aegislash|67/100|[from] item: Leftovers
|-fieldend|move: Grassy Terrain
|upkeep
|turn|56
|
|t:|1641764280
|move|p2a: Zeraora|Knock Off|p1a: Aegislash
|-supereffective|p1a: Aegislash
|-damage|p1a: Aegislash|0 fnt
|-enditem|p1a: Aegislash|Leftovers|[from] move: Knock Off|[of] p2a: Zeraora
|faint|p1a: Aegislash
|
|upkeep
|
|t:|1641764284
|switch|p1a: Rillaboom|Rillaboom, M|48/100
|-damage|p1a: Rillaboom|35/100|[from] Stealth Rock
|-fieldstart|move: Grassy Terrain|[from] ability: Grassy Surge|[of] p1a: Rillaboom
|turn|57
|inactive|LECH24 has 120 seconds left.
|
|t:|1641764328
|move|p1a: Rillaboom|Grassy Glide|p2a: Zeraora
|-crit|p2a: Zeraora
|-damage|p2a: Zeraora|0 fnt
|faint|p2a: Zeraora
|
|-heal|p1a: Rillaboom|42/100|[from] Grassy Terrain
|upkeep
|
|t:|1641764331
|switch|p2a: Tapu Lele|Tapu Lele|57/100
|-damage|p2a: Tapu Lele|45/100|[from] Stealth Rock
|-fieldstart|move: Psychic Terrain|[from] ability: Psychic Surge|[of] p2a: Tapu Lele
|turn|58
|
|t:|1641764346
|move|p2a: Tapu Lele|Focus Blast|p1a: Rillaboom
|-damage|p1a: Rillaboom|0 fnt
|faint|p1a: Rillaboom
|
|upkeep
|
|t:|1641764349
|switch|p1a: Magnezone|Magnezone|81/100
|-damage|p1a: Magnezone|75/100|[from] Stealth Rock
|turn|59
|
|t:|1641764353
|move|p2a: Tapu Lele|Focus Blast|p1a: Magnezone
|-supereffective|p1a: Magnezone
|-damage|p1a: Magnezone|0 fnt
|faint|p1a: Magnezone
|
|win|LECH24
|raw|im tofa's rating: 1581 &rarr; <strong>1565</strong><br />(-16 for losing)
|raw|LECH24's rating: 1643 &rarr; <strong>1659</strong><br />(+16 for winning)
|l|☆im tofa
||Ladder isn't responding, score probably updated but might not have (Request timeout).
