|j|☆Frost_Monarch7
|j|☆Omari P
|t:|1641832630
|gametype|singles
|player|p1|Frost_Monarch7|li|1497
|player|p2|Omari P|pokemonrangerf|1632
|teamsize|p1|6
|teamsize|p2|6
|gen|8
|tier|[Gen 8] OU
|rated|
|rule|Sleep Clause Mod: Limit one foe put to sleep
|rule|Species Clause: Limit one of each Pokémon
|rule|OHKO Clause: OHKO moves are banned
|rule|Evasion Moves Clause: Evasion moves are banned
|rule|Endless Battle Clause: Forcing endless battles is banned
|rule|HP Percentage Mod: HP is shown in percentages
|rule|Dynamax Clause: You cannot dynamax
|clearpoke
|poke|p1|Magnezone|
|poke|p1|Mamoswine, M|
|poke|p1|Blacephalon|
|poke|p1|Mandibuzz, F|
|poke|p1|Slowking, F|
|poke|p1|Tapu Lele|
|poke|p2|Victini|
|poke|p2|Mandibuzz, F|
|poke|p2|Terrakion|
|poke|p2|Nidoking, M|
|poke|p2|Latios, M|
|poke|p2|Reuniclus, M|
|teampreview
|inactive|Battle timer is ON: inactive players will automatically lose when time's up. (requested by Frost_Monarch7)
|
|t:|1641832651
|start
|switch|p1a: Mamoswine|Mamoswine, M|100/100
|switch|p2a: Terrakion|Terrakion|100/100
|turn|1
|
|t:|1641832676
|switch|p1a: Mandibuzz|Mandibuzz, F|100/100
|move|p2a: Terrakion|Close Combat|p1a: Mandibuzz
|-damage|p1a: Mandibuzz|50/100
|-unboost|p2a: Terrakion|def|1
|-unboost|p2a: Terrakion|spd|1
|-damage|p2a: Terrakion|91/100|[from] item: Life Orb
|
|upkeep
|turn|2
|
|t:|1641832682
|move|p2a: Terrakion|Stone Edge|p1a: Mandibuzz
|-supereffective|p1a: Mandibuzz
|-damage|p1a: Mandibuzz|0 fnt
|faint|p1a: Mandibuzz
|-damage|p2a: Terrakion|81/100|[from] item: Life Orb
|
|upkeep
|
|t:|1641832688
|switch|p1a: Slowking|Slowking, F|100/100
|turn|3
|
|t:|1641832695
|move|p2a: Terrakion|Stone Edge|p1a: Slowking
|-crit|p1a: Slowking
|-damage|p1a: Slowking|0 fnt
|faint|p1a: Slowking
|-damage|p2a: Terrakion|71/100|[from] item: Life Orb
|
|upkeep
|-message|Frost_Monarch7 forfeited.
|
|win|Omari P
|raw|Frost_Monarch7's rating: 1497 &rarr; <strong>1484</strong><br />(-13 for losing)
|raw|Omari P's rating: 1632 &rarr; <strong>1645</strong><br />(+13 for winning)
|l|☆Frost_Monarch7
|j| sucking lemons
|j| breadupt
|j| VRRLLFAST
|j| bt89…
|l| bt89…
|l| sucking lemons
||Ladder isn't responding, score probably updated but might not have (Request timeout).
