|j|☆fardin
|j|☆Mimikyu Stardust
|t:|1641878257
|gametype|singles
|player|p1|fardin|#ompl2021spindawheels|1775
|player|p2|Mimikyu Stardust|#mimikyustardust|1810
|teamsize|p1|6
|teamsize|p2|6
|gen|8
|tier|[Gen 8] OU
|rated|
|rule|Sleep Clause Mod: Limit one foe put to sleep
|rule|Species Clause: Limit one of each Pokémon
|rule|OHKO Clause: OHKO moves are banned
|rule|Evasion Moves Clause: Evasion moves are banned
|rule|Endless Battle Clause: Forcing endless battles is banned
|rule|HP Percentage Mod: HP is shown in percentages
|rule|Dynamax Clause: You cannot dynamax
|clearpoke
|poke|p1|Landorus-Therian, M|
|poke|p1|Tapu Koko|
|poke|p1|Urshifu-*, M|
|poke|p1|Melmetal|
|poke|p1|Heatran, M|
|poke|p1|Tornadus-Therian, M|
|poke|p2|Nidoking, M|
|poke|p2|Tapu Lele|
|poke|p2|Jellicent, M|
|poke|p2|Weavile, F|
|poke|p2|Heatran, F|
|poke|p2|Corviknight, F|
|teampreview
|inactive|Battle timer is ON: inactive players will automatically lose when time's up. (requested by fardin)
|j| Kaitlen
|j|+Fc
|c|☆fardin|idiots
|l| Kaitlen
|inactive|fardin has 120 seconds left.
|j| Mbouchon
|j| Frito135 ❤
|c|☆Mimikyu Stardust|lol
|j|+baconeatinassassin
|c|☆fardin|more idiots
|c|+Fc|spooky
|c|+Fc|win
|
|t:|1641878311
|start
|switch|p1a: Tornadus|Tornadus-Therian, M|100/100
|switch|p2a: Weavile|Weavile, F|100/100
|-ability|p2a: Weavile|Pressure
|turn|1
|j|+avery
|
|t:|1641878321
|move|p2a: Weavile|Triple Axel|p1a: Tornadus
|-supereffective|p1a: Tornadus
|-damage|p1a: Tornadus|78/100
|-supereffective|p1a: Tornadus
|-damage|p1a: Tornadus|33/100
|-supereffective|p1a: Tornadus
|-damage|p1a: Tornadus|0 fnt
|faint|p1a: Tornadus
|-hitcount|p1: Tornadus|3
|
|upkeep
|c|☆fardin|NO
|c|+Fc|fardin ur shit
|c|+baconeatinassassin|wp
|c| Frito135 ❤|oml
|
|t:|1641878330
|switch|p1a: Heatran|Heatran, M|100/100
|-item|p1a: Heatran|Air Balloon
|turn|2
|c| Mbouchon|even more idiots
|c|☆Mimikyu Stardust|lol
|c|+avery|☆fardin: idiots
|c|☆fardin|i played with
|c|☆fardin|fire
|c|☆fardin|i got burned
|c|☆fardin|this sack was
|c|☆fardin|calculated
|c|+baconeatinassassin|yeah sure
|c|☆Mimikyu Stardust|its ice type
|c|☆fardin|torn was something i didnt need
|
|t:|1641878357
|move|p2a: Weavile|Knock Off|p1a: Heatran
|-damage|p1a: Heatran|52/100
|-enditem|p1a: Heatran|Air Balloon
|move|p1a: Heatran|Stealth Rock|p2a: Weavile
|-sidestart|p2: Mimikyu Stardust|move: Stealth Rock
|
|upkeep
|turn|3
|c|☆fardin|and i couldnt risk
|c|+avery|u need a better calculator then
|c|☆fardin|sd
|c|+baconeatinassassin|torn wasn't good at all
|c|+baconeatinassassin|worthless, almost
|
|t:|1641878368
|switch|p2a: Heatran|Heatran, F|100/100
|-damage|p2a: Heatran|88/100|[from] Stealth Rock
|-item|p2a: Heatran|Air Balloon
|move|p1a: Heatran|Magma Storm|p2a: Heatran
|-start|p2a: Heatran|ability: Flash Fire
|
|upkeep
|turn|4
|
|t:|1641878372
|switch|p1a: Urshifu|Urshifu-Rapid-Strike, M|100/100
|move|p2a: Heatran|Stealth Rock|p1a: Urshifu
|-sidestart|p1: fardin|move: Stealth Rock
|
|upkeep
|turn|5
|
|t:|1641878377
|-end|p2a: Heatran|ability: Flash Fire|[silent]
|switch|p2a: The Handlebar|Jellicent, M|100/100
|-damage|p2a: The Handlebar|88/100|[from] Stealth Rock
|move|p1a: Urshifu|U-turn|p2a: The Handlebar
|-resisted|p2a: The Handlebar
|-damage|p2a: The Handlebar|78/100
|
|t:|1641878380
|switch|p1a: Tapu Koko|Tapu Koko|100/100|[from]move: U-turn
|-fieldstart|move: Electric Terrain|[from] ability: Electric Surge|[of] p1a: Tapu Koko
|
|-heal|p2a: The Handlebar|84/100|[from] item: Leftovers
|upkeep
|turn|6
|
|t:|1641878386
|switch|p1a: Urshifu|Urshifu-Rapid-Strike, M|100/100
|-damage|p1a: Urshifu|94/100|[from] Stealth Rock
|switch|p2a: Nidoking|Nidoking, M|100/100
|-damage|p2a: Nidoking|95/100|[from] Stealth Rock
|
|upkeep
|turn|7
|l|+avery
|
|t:|1641878390
|switch|p2a: The Handlebar|Jellicent, M|84/100
|-damage|p2a: The Handlebar|72/100|[from] Stealth Rock
|move|p1a: Urshifu|U-turn|p2a: The Handlebar
|-resisted|p2a: The Handlebar
|-damage|p2a: The Handlebar|62/100
|
|t:|1641878393
|switch|p1a: Tapu Koko|Tapu Koko|100/100|[from]move: U-turn
|
|-heal|p2a: The Handlebar|68/100|[from] item: Leftovers
|upkeep
|turn|8
|
|t:|1641878398
|switch|p1a: Urshifu|Urshifu-Rapid-Strike, M|94/100
|-damage|p1a: Urshifu|88/100|[from] Stealth Rock
|move|p2a: The Handlebar|Scald|p1a: Urshifu
|-resisted|p1a: Urshifu
|-damage|p1a: Urshifu|70/100
|-status|p1a: Urshifu|brn
|
|-heal|p2a: The Handlebar|75/100|[from] item: Leftovers
|-damage|p1a: Urshifu|64/100 brn|[from] brn
|upkeep
|turn|9
|c|+baconeatinassassin|click x
|c|☆fardin|look
|c|☆fardin|i
|c|☆fardin|clicked
|c|☆fardin|i will make it up next game
|c|☆fardin|bad mu
|c|+Fc|farmed
|c|+Fc|cope
|c| Frito135 ❤|click x
|c|+Fc|oml.
|c|☆Mimikyu Stardust|gg
|c|☆fardin|jelly with
|inactive|fardin has 120 seconds left.
|c|☆fardin|nido stops
|c|☆fardin|all my progress
|c|☆fardin|gg mimkyu
|c|+baconeatinassassin|maybe if you kept torn
|j| omicorio
|c|☆Mimikyu Stardust|https://www.smogon.com/forums/threads/anti-meta-nidoking-super-offense-version-1-and-version-2-peak-top-8-ladder-1938.3696044/#post-9079348
|c|+baconeatinassassin|you would've had an easier time
|c|☆fardin|solid team bro
|c| omicorio|O M L
|c|☆fardin|i will
|c|☆fardin|give it a like
|c|☆fardin|everyone give him a like
|inactive|fardin has 90 seconds left.
|c|☆Mimikyu Stardust|ty
|c|+Fc|o damn do multiple people have this custom I thought it was just spooky's
|c|+Fc|you're the goat tho wp
|-message|fardin forfeited.
|
|win|Mimikyu Stardust
|raw|fardin's rating: 1775 &rarr; <strong>1757</strong><br />(-18 for losing)
|raw|Mimikyu Stardust's rating: 1810 &rarr; <strong>1828</strong><br />(+18 for winning)
|l|☆fardin
|c|☆Mimikyu Stardust|gg
|c|☆Mimikyu Stardust|yea me and spooky has it
|l| omicorio
|l|+Fc
